@book{dirac,
Author = {P.A.M. Dirac},
Title = {Lectures on quantum mechanics},
Publisher = {},
Year = {1964},
ISBN = {}
}

@book{HT,
	Author = {M.Henneaux, C.Teitelboim},
	Title = {Quantization of Gauge Systems},
	Publisher = {},
	Year = {1991},
	ISBN = {}
}